<?xml version="1.0" encoding="UTF-8"?><collection xmlns="http://www.loc.gov/MARC21/slim"><record><leader>00431nam--2200121-i-4500</leader><controlfield tag="001">000045552</controlfield><controlfield tag="002">20161230</controlfield><controlfield tag="005">20161230201045</controlfield><controlfield tag="008">060222s1000------------r-----000-0-eng-d</controlfield><datafield ind1=" " ind2=" " tag="100"><subfield code="a">Turbil, Jean-pierre</subfield></datafield><datafield ind1=" " ind2=" " tag="245"><subfield code="a">Contribution a la connaissance des diagrammes fer-germanium et fer-germanium-silicium. application a l`elaboration de toles magnetiques</subfield></datafield><datafield ind1=" " ind2=" " tag="260"><subfield code="a">Paris-sud, Univ.De Paris-sud, Centre D`Orsay, 1972, 85p</subfield></datafield><datafield ind1=" " ind2=" " tag="852"><subfield code="a">40285</subfield></datafield></record></collection>